@inproceedings{putnam2012growing,
  title={Growing class gaps in social connectedness among American youth},
  author={Putnam, Robert D. and Frederick, Carl B. and Snellman, Kaisa},
  booktitle={Harvard Kennedy School of Government Saguaro Seminar: Civic Engagement in America},
  year={2012}
}

@article{bonhomme2009assessing,
  title={Assessing the equalizing force of mobility using short panels: France, 1990--2000},
  author={Bonhomme, St{\'e}phane and Robin, Jean-Marc},
  journal={The Review of Economic Studies},
  volume={76},
  number={1},
  pages={63--92},
  year={2009},
  publisher={Wiley-Blackwell}
}

@article{trivedi2007copula,
  title={Copula modeling: an introduction for practitioners},
  author={Trivedi, Pravin K. and Zimmer, David M.},
  journal={Foundations and Trends in Econometrics},
  volume={1},
  number={1},
  pages={1--111},
  year={2007},
  publisher={Now Publishers, Inc.}
}

@article{borjas1992ethnic,
  title={Ethnic capital and intergenerational mobility},
  author={Borjas, George J.},
  journal={The Quarterly journal of economics},
  volume={107},
  number={1},
  pages={123--150},
  year={1992},
  publisher={MIT Press}
}

@article{mazumder2005fortunate,
  title={Fortunate sons: New estimates of intergenerational mobility in the United States using social security earnings data},
  author={Mazumder, Bhashkar},
  journal={Review of Economics and Statistics},
  volume={87},
  number={2},
  pages={235--255},
  year={2005},
  publisher={MIT Press}
}

@misc{WID2017,
	Author = {{The World Wealth and Income Database}},
	Howpublished = {\url{http://wid.world/data/}},
	Note = {Accessed: 12/26/2016},
	Title = {USA Top $10\%$ and $1\%$ and Bottom $50\%$ Wealth Shares, 1913--2014},
	Year = {2016}}
	
@article{corak2009chasing,
  title={Chasing the same dream, climbing different ladders: Economic mobility in the United States and Canada},
  author={Corak, Miles},
  year={2009},
  note={Economic Mobility Project, Pew Charitable Trusts Paper}
}

@article{pinkovskiy2009parametric,
  title={Parametric Estimations of the World Distribution of Income},
  author={Pinkovskiy, Maxim and Sala{-}\lowercase{i}{-}Martin, Xavier},
  year={2009},
  note={{W}orking {P}aper 15433, NBER}
}

@techreport{hauser2010intergenerational,
  title={What Do We Know So Far about Multigenerational Mobility?},
  author={Hauser, Robert M.},
  year={2010},
  number={98-12},
  institution={UW-Madison Center for Demography and Ecology}
}

@article{aaronson2008intergenerational,
  title={Intergenerational economic mobility in the United States, 1940 to 2000},
  author={Aaronson, Daniel and Mazumder, Bhashkar},
  journal={Journal of Human Resources},
  volume={43},
  number={1},
  pages={139--172},
  year={2008},
  publisher={University of Wisconsin Press}
}

@article{katz2017documenting,
  title={Documenting decline in US economic mobility},
  author={Katz, Lawrence F. and Krueger, Alan B.},
  journal={Science},
  volume={356},
  number={6336},
  pages={382--383},
  year={2017},
  publisher={American Association for the Advancement of Science}
}

@techreport{bukodi2017inter,
  title={Intergenerational class mobility in Europe: A new account and an old story},
  author={Bukodi, Erzs\'{e}bet and Paskov, Marii and Nolan, Brian},
  year={2017},
  number={2017-03},
  institution={INET Oxford Working Paper}
}

@article{lee2009trends,
  title={Trends in intergenerational income mobility},
  author={Lee, Chul-In and Solon, Gary},
  journal={The Review of Economics and Statistics},
  volume={91},
  number={4},
  pages={766--772},
  year={2009},
  publisher={MIT Press}
}

@book{goldthorpe1982social,
	Author = {Goldthorpe, John H.},
	Publisher = {Oxford University Press},
	Title = {Social Mobility and Class Structure in Modern Britain},
	Address = {Oxford, UK},
	Year = {1987}}
	
@book{roemer2000opportunity,
	Author = {Roemer, John E.},
	Publisher = {Harvard University Press},
	Title = {Equality of Opportunity},
	Address = {Cambridge, MA},
	Year = {2000}}

@article{chetty2017fading,
  title={The fading American dream: Trends in absolute income mobility since 1940},
  author={Chetty, Raj and Grusky, David and Hell, Maximilian and Hendren, Nathaniel and Manduca, Robert and Narang, Jimmy},
  journal={Science},
  volume={356},
  number={6336},
  pages={398--406},
  year={2017},
  publisher={American Association for the Advancement of Science}
}

@unpublished{neidhofer2016intergenerational,
  title={Intergenerational mobility and the rise and fall of inequality: Lessons from Latin America},
  author={Neidh{\"o}fer, Guido},
  Url = {http://ssrn.com/abstract=2740395},
  note = {Available at SSRN},
  year={2016}}

@unpublished{neidhofer2016dynastic,
  title={Dynastic inequality compared: Multigenerational mobility in the US, the UK, and Germany},
  author={Neidh{\"o}fer, Guido and Stockhausen, Maximilian},
  Url = {http://hdl.handle.net/10419/148300},
  note = {Available at EconStor},
  year={2016}}

@article{leman1980get,
  title={How to get there from here: The grandfather effect and public policy},
  author={Leman, Christopher},
  journal={Policy Analysis},
  volume={6},
  number={1},
  pages={99--116},
  year={1980},
  publisher={JSTOR}}

@article{jaeger2007does,
  title={Does parents' economic, cultural, and social capital explain the social class effect on educational attainment in the Scandinavian mobility regime?},
  author={J{\ae}ger, Mads M. and Holm, Anders},
  journal={Social Science Research},
  volume={36},
  number={2},
  pages={719--744},
  year={2007},
  publisher={Elsevier}}

@article{braun2016transmission,
  title={The Transmission of Inequality Across Multiple Generations: Testing Recent Theories with Evidence from Germany},
  author={Braun, Sebastian T. and Stuhler, Jan},
  journal={The Economic Journal},
  year={2016},
  DOI={10.1111/ecoj.12453},
  publisher={Wiley Online Library}
}

@article{hertel2014class,
  title={Class mobility across three generations in the US and Germany},
  author={Hertel, Florian R. and Groh-Samberg, Olaf},
  journal={Research in Social Stratification and Mobility},
  volume={35},
  pages={35--52},
  year={2014},
  publisher={Elsevier}}

@book{meade1964efficiency,
	Author = {Meade, James E.},
	Publisher = {Allen \& Unwin},
	Title = {Efficiency, Equality and the Ownership of Property},
	Address = {London, UK},
	Year = {1964}}

@article{rauh2016voting,
  title={Voting, Education, and the Great Gatsby Curve},
  author={Rauh, Christopher},
  journal={Journal of Public Economics},
  year={2016},
  volume={146},
  pages={1--14},
  DOI={dx.doi.org/10.1016/j.jpubeco.2016.12.005},  
  publisher={Elsevier}}

@unpublished{urrutia2016empirical,
	Author = {Urrutia, Carlos and Tavares, Marina M.},
	Title = {An Empirical Investigation on the Great Gatsby's Curve},
	url = {http://works.bepress.com/currutia/12/},
	note = {Unpublished Paper},
	Year = {2016}}

@unpublished{boserup2013intergenerational,
  title={Intergenerational Wealth Mobility: Evidence from Danish Wealth Records of Three Generations},
  author={Boserup, Simon H. and Kopczuk, Wojciech and Kreiner, Claus T.},
  	note = {Unpublished Paper},
  	url = {http://www.econ.ku.dk/Forskning/Publikationer/ph.d_serie_2007-/Ph.D.156.pdf#page=89},  	
  year={2013}}

@article{corak1999intergenerational,
  title={The Intergenerational Earnings and Income Mobility of Canadian Men: Evidence from Longitudinal Income Tax Data},
  author={Corak, Miles and Heisz, Andrew},
  journal={Journal of Human Resources},
  volume={34},
  number={3},
  pages={504--533},
  year={1999},
  publisher={JSTOR}
}

@techreport{dahl2008association,
  title={The Association Between Children's Earnings and Fathers' Lifetime Earnings: Estimates Using Administrative Data},
  author={Dahl, Molly W. and DeLeire, Thomas},
  year={2008},
  institution={University of Wisconsin-Madison, Institute for Research on Poverty},
  Url = {http://irp.wisc.edu/publications/dps/pdfs/dp134208.pdf}
}

@article{hodge1966occupational,
  title={Occupational Mobility as a Probability Process},
  author={Hodge, Robert W.},
  journal={Demography},
  volume={3},
  number={1},
  pages={19--34},
  year={1966},
  publisher={Springer}
}

@article{solon2015we,
  title={What Do We Know So Far about Multigenerational Mobility?},
  author={Solon, Gary},
  year={2015},
  note={{W}orking {P}aper 21053, NBER}
}

@article{benabou2000unequal,
  title={Unequal Societies: Income distribution and the Social Contract},
  author={Benabou, Roland},
  journal={American Economic Review},
  volume={90},
  number={1},
  pages={96--129},
  year={2000},
  publisher={JSTOR}
}

@article{salem1974convenient,
  title={A Convenient Descriptive Model of Income Distribution: The Gamma Density},
  author={Salem, Ali B. Z. and Mount, Timothy D.},
  journal={Econometrica: Journal of the Econometric Society},
  volume={42},
  number={6},
  pages={1115--1127},
  year={1974},
  publisher={JSTOR}
}

@techreport{OECD2011,
  title={Education at a Glance 2011: OECD Indicators},
  author={OECD},
  chapter={A},
  year={2011},
  publisher={OECD Publishing},
  institution={OECD},
  DOI={dx.doi.org/10.1787/eag-2011-en}
}

@article{landerso2016scandinavian,
  title={The Scandinavian Fantasy: The Sources of Intergenerational Mobility in Denmark and the US},
  author={Landers{\o}, Rasmus and Heckman, James J.},
  journal={The Scandinavian Journal of Economics},
  volume={119},
  number={1},
  pages={178--230},
  year={2017},
  publisher={Wiley Online Library}
}


@article{galor1993income,
  title={Income Distribution and Macroeconomics},
  author={Galor, Oded and Zeira, Joseph},
  journal={The Review of Economic Studies},
  volume={60},
  number={1},
  pages={35--52},
  year={1993},
  publisher={Oxford University Press}
}

@article{aghion1997theory,
  title={A Theory of Trickle-Down Growth and Development},
  author={Aghion, Philippe and Bolton, Patrick},
  journal={The Review of Economic Studies},
  volume={64},
  number={2},
  pages={151--172},
  year={1997},
  publisher={Oxford University Press}
}

@article{fenton1960sum,
  title={The Sum of Log-normal Probability Distributions in Scatter Transmission Systems},
  author={Fenton, Lawrence},
  journal={IRE Transactions on Communications Systems},
  volume={8},
  number={1},
  pages={57--67},
  year={1960},
  publisher={IGEE}
}

@book{gibrat1931inegalites,
  title={Les In{\'e}galit{\'e}s {\'E}conomiques},
  author={Gibrat, Robert},
  year={1931},
  publisher={Recueil Sirey}
}

@article{hassler2000intelligence,
  title={Intelligence, Social Mobility, and Growth},
  author={Hassler, John and Mora, Jose V. R.},
  journal={American Economic Review},
  volume={90},
  number={4},
  pages={888--908},
  year={2000},
  publisher={JSTOR}
}

@article{maoz1999intergenerational,
  title={Intergenerational Mobility and the Process of Development},
  author={Maoz, Yishay D. and Moav, Omer},
  journal={The Economic Journal},
  volume={109},
  number={458},
  pages={677--697},
  year={1999},
  publisher={Wiley Online Library}
}

@article{galor1997technological,
  title={Technological Progress, Mobility, and Economic Growth},
  author={Galor, Oded and Tsiddon, Daniel},
  journal={The American Economic Review},
  volume={87},
  number={3},
  pages={363--382},
  year={1997},
  publisher={JSTOR}
}

@article{brahim2016inequality,
  title={Inequality and Mobility: Gatsby in the Americas},
  author={Brahim, Sumaya A. and McLeod, Darryl},
  journal={Modern Economy},
  volume={7},
  pages={643-655},
  year={2016},
  publisher={Scientific Research Publishing}
}

@article{van2001three,
  title={Three Meanings of Intergenerational Mobility},
  author={Van de Gaer, Dirk and Schokkaert, Erik and Martinez, Michel},
  journal={Economica},
  volume={68},
  number={272},
  pages={519--538},
  year={2001},
  publisher={Wiley Online Library}
}

@article{marrero2013inequality,
  title={Inequality of Opportunity and Growth},
  author={Marrero, Gustavo A. and Rodr{\'\i}guez, Juan G.},
  journal={Journal of Development Economics},
  volume={104},
  pages={107--122},
  year={2013},
  publisher={Elsevier}
}

@article{erikson2002intergenerational,
  title={Intergenerational Inequality: A Sociological Perspective},
  author={Erikson, Robert and Goldthorpe, John H.},
  journal={The Journal of Economic Perspectives},
  volume={16},
  number={3},
  pages={31--44},
  year={2002},
  publisher={American Economic Association}
}

@incollection{fields1999measurement,
  title={The Measurement of Income Mobility: An Introduction to the Literature},
  author={Fields, Gary S. and Ok, Efe A.},
  editor={Silber, Jacques},
  booktitle={Handbook of Income Inequality Measurement},
  pages={557--598},
  year={1999},
  publisher={Springer}
}


@incollection{grawe2004intergenerational,
  author      = {Grawe, Nathan D.},
  title       = {Intergenerational Mobility for Whom? The Experience of High- and Low-Earning Sons in International Perspective},
  editor      = {Corak, Miles},
  booktitle   = {Generational Income Mobility in North America and Europe},
  pages={58--89},
  year={2004},
  publisher={Cambridge University Press, Cambridge},
  chapter={4}
}

@incollection{solon2004model,
  title={A Model of Intergenerational Mobility Variation Over Time and Place},
  author={Solon, Gary},
  editor      = {Corak, Miles},
  booktitle   = {Generational Income Mobility in North America and Europe},
  pages={38--47},
  year={2004},
  publisher={Cambridge University Press, Cambridge},
  chapter={2}
}

@unpublished{corak2016personal,
  author={Corak, Miles},
  Note = {Private communication},
  Year = {2016}
}

@article{bevan1980intergenerational,
  title={Intergenerational Transfers and Inequality},
  author={Bevan, David L. and Stiglitz, Joseph E.},
  year={1980},
  note={{W}orking {P}aper 76, NBER}
}

@article{stiglitz2015new,
  title={New Theoretical Perspectives on the Distribution of Income and Wealth Among Individuals: Part II. Equilibrium Wealth Distributions},
  author={Stiglitz, Joseph E.},
  year={2015},
  note={{W}orking {P}aper 21190, NBER}
}

@article{chetty2014united,
  title={Is the United States Still a Land of Opportunity? Recent Trends in Intergenerational Mobility},
  author={Chetty, Raj and Hendren, Nathaniel and Kline, Patrick and Saez, Emmanuel and Turner, Nicholas},
  journal={The American Economic Review},
  volume={104},
  number={5},
  pages={141--147},
  year={2014},
  publisher={American Economic Association}
}

@article{chetty2014land,
  title={Where is the Land of Opportunity? The Geography of Intergenerational Mobility in the United States},
  author={Chetty, Raj and Hendren, Nathaniel and Kline, Patrick and Saez, Emmanuel},
  journal={The Quarterly Journal of Economics},
  volume={129},
  number={4},
  pages={1553--1623},
  year={2014},
  publisher={Oxford University Press}
}

@book{hamilton1994time,
  title={Time Series Analysis},
  author={Hamilton, James D.},
  year={1994},
  publisher={Princeton university press Princeton}
}

@book{crow1988lognormal,
  title={Lognormal Distributions: Theory and Applications},
  author={Crow, Edwin L. and Shimizu, Kunio},
  year={1988},
  publisher={M. Dekker New York}
}

@article{uhlenbeck1930theory,
  title={On the Theory of the Brownian Motion},
  author={Uhlenbeck, George E. and Ornstein, Leonard S.},
  journal={Physical review},
  volume={36},
  number={5},
  pages={823--841},
  year={1930},
  publisher={APS}
}

@book{sen1973economic,
  title={On Economic Inequality},
  author={Sen, Amartya},
  year={1973},
  publisher={Oxford University Press}
}

@InCollection{BGG:1999,
  author={Bernanke, Ben S. and Gertler, Mark and Gilchrist, Simon},
  editor={Taylor, J. B. and Woodford, M.},
  title={The Financial Accelerator in a Quantitative Business Cycle Framework},
  booktitle={Handbook of Macroeconomics},
  publisher={Elsevier},
  year=1999,
  month={},
  volume={1},
  number={},
  series={Handbook of Macroeconomics},
  edition={},
  chapter={21},
  pages={1341-1393},
}

@book{Rousseau1755,
	Author = {Rousseau, Jean-Jacques},
	Title = {Discourse on the Origin and Basis of Inequality Among Men},
	Year = {1755}}

@article{PetersKlein2013,
	Author = {Peters, Ole and Klein, William},
	Date-Added = {2016-04-16 17:37:05 +0000},
	Date-Modified = {2016-04-16 17:37:05 +0000},
	Doi = {10.1103/PhysRevLett.110.100603},
	Journal = {Physical Review Letters},
	Month = {March},
	Number = {10},
	Pages = {100603},
	Title = {Ergodicity Breaking in Geometric {B}rownian Motion},
	Volume = {110},
	Year = {2013},
	Bdsk-Url-1 = {http://dx.doi.org/10.1103/PhysRevLett.110.100603}}

@article{BouchaudMezard2000,
	Author = {Bouchaud, Jean-Philippe and M\'ezard, Marc},
	Date-Added = {2016-04-16 18:52:22 +0000},
	Date-Modified = {2016-04-16 18:52:22 +0000},
	Doi = {10.1016/S0378-4371(00)00205-3},
	Journal = {Physica A: Statistical Mechanics and its Applications},
	Number = {4},
	Pages = {536--545},
	Title = {Wealth Condensation in a Simple Model of Economy},
	Volume = {282},
	Year = {2000},
	Bdsk-Url-1 = {http://dx.doi.org/10.1016/S0378-4371(00)00205-3}}

@article{PetersAdamou2015a,
	Author = {Peters, Ole and Adamou, Alexander},
	Journal = {ar{X}iv:1506.03414},
	Month = {June},
	Title = {The Evolutionary Advantage of Cooperation},
	Url = {http://arxiv.org/abs/1506.03414},
	Year = {2015},
	Bdsk-Url-1 = {http://arxiv.org/abs/1506.03414}}

@article{PikettyZucman2014,
	Author = {Piketty, Thomas and Zucman, Gabriel},
	Doi = {10.1093/qje/qju018},
	Journal = {The Quarterly Journal of Economics},
	Number = {3},
	Pages = {1255--1310},
	Title = {Capital is Back: Wealth-Income Ratios in Rich Countries, 1700--2010},
	Volume = {129},
	Year = {2014},
	Bdsk-Url-1 = {http://dx.doi.org/10.1093/qje/qju018}}

@article{Bouchaud2015,
	Author = {Bouchaud, Jean-Philippe},
	Journal = {Journal of Statistical Mechanics: Theory and Experiment},
	Number = {11},
	Pages = {P11011},
	Title = {On Growth-Optimal Tax Rates and the Issue of Wealth Inequalities},
	Url = {http://stacks.iop.org/1742-5468/2015/i=11/a=P11011},
	Volume = {2015},
	Year = {2015},
	Bdsk-Url-1 = {http://stacks.iop.org/1742-5468/2015/i=11/a=P11011}}

@misc{Quandl2016,
	Author = {Quandl},
	Howpublished = {\url{http://www.quandl.com/data/BCB/UDJIAD1-Dow-Jones-Industrial-Average}},
	Note = {Accessed: 04/19/2016},
	Title = {{D}ow {J}ones {I}ndustrial {A}verage},
	Year = {2016}}

@article{SaezZucman2014,
	Author = {Saez, Emmanuel and Zucman, Gabriel},
	Journal = {The Quarterly Journal of Economics},
	Number = {2},
	Pages = {519--578},
	Publisher = {Oxford University Press},
	Title = {Wealth Inequality in the United States since 1913: Evidence from Capitalized Income Tax Data},
	Volume = {131},
	Year = {2016}}

@article{Sargan1957distribution,
	Author = {Sargan, John D.},
	Doi = {10.2307/1905384},
	Journal = {Econometrica: Journal of the Econometric Society},
	Pages = {568--590},
	Title = {The Distribution of Wealth},
	Year = {1957},
	Bdsk-Url-1 = {http://dx.doi.org/10.2307/1905384}}

@article{NelderMead1965,
	Author = {Nelder, John A. and Mead, Roger},
	Doi = {10.1093/comjnl/7.4.308},
	Journal = {The Computer Journal},
	Number = {4},
	Pages = {308--313},
	Title = {A Simplex Method for Function Minimization},
	Volume = {7},
	Year = {1965},
	Bdsk-Url-1 = {http://dx.doi.org/10.1093/comjnl/7.4.308}}

@techreport{Hardoon2016,
	Author = {Hardoon, Deborah and Fuentes-Nieva, Ricardo and Ayele, Sophia},
	Institution = {Oxfam International},
	Title = {An Economy for the 1\%: How Privilege and Power in the Economy Drive Extreme Inequality and How This Can Be Stopped},
	Year = {2016}}
	
	@article{Rios20162013,
	Author = {Rios-Rull, Jose-Victor and Kuhn, Moritz},
	Journal = {Quarterly Review},
	Number = {April},
	Pages = {1--75},
	Title = {{2013 Update on the U.S. Earnings, Income, and Wealth Distributional Facts: A View from Macroeconomics}},
	Url = {https://ideas.repec.org/a/fip/fedmqr/00002.html},
	Year = 2016,
	Bdsk-Url-1 = {https://ideas.repec.org/a/fip/fedmqr/00002.html}}

@article{BenhabibBisinZhu2011,
	Author = {Benhabib, Jess and Bisin, Alberto and Zhu, Shenghao},
	Doi = {10.3982/ECTA8416},
	Issn = {1468--0262},
	Journal = {Econometrica: Journal of the Econometric Society},
	Number = {1},
	Pages = {123--157},
	Publisher = {Blackwell Publishing Ltd},
	Title = {The Distribution of Wealth and Fiscal Policy in Economies With Finitely Lived Agents},
	Volume = {79},
	Year = {2011},
	Bdsk-Url-1 = {http://dx.doi.org/10.3982/ECTA8416}}

@article{PetersAdamou2013,
	Author = {Peters, Ole and Adamou, Alexander},
	Date-Modified = {2017-01-16 21:25:03 +0000},
	Journal = {SFI Working Paper 13-06-022},
	Title = {Stochastic Market Efficiency},
	Url = {http://www.santafe.edu/research/working-papers/abstract/6121f1083eeb603968dc1a29871d7799},
	Year = {2013},
	Bdsk-Url-1 = {http://www.santafe.edu/research/working-papers/abstract/6121f1083eeb603968dc1a29871d7799}}

@misc{Armuts2017,
	Author = {{Bundesministerium f\"{u}r Arbeit und Soziales}},
	Howpublished = {\url{http://www.armuts-und-reichtumsbericht.de/SharedDocs/Downloads/Gesellschaft/G02-Excel-Vermoegensverteilung.xlsx?__blob=publicationFile&v=6}},
	Note = {Accessed: 01/01/2017},
	Title = {Lebenslagen in Deutschland -- Armuts- und Reichtumsbericht der Bundesregierung},
	Year = {2013}}

@article{peters2011optimal,
  title={Optimal Leverage from Non-Ergodicity},
  author={Peters, Ole},
  journal={Quantitative Finance},
  volume={11},
  number={11},
  pages={1593--1602},
  year={2011},
  publisher={Taylor \& Francis}
}

@article{PetersAdamou2011,
	Author = {Peters, Ole and Adamou, Alexander},
	Date-Modified = {2016-04-16 17:36:24 +0000},
	Journal = {arXiv preprint arXiv:1101.4548},
	Title = {Stochastic Market Efficiency},
	Url = {http://www.santafe.edu/research/working-papers/abstract/6121f1083eeb603968dc1a29871d7799},
	Volume = {SFI working paper 13-06-022},
	Year = {2011},
	Bdsk-Url-1 = {http://www.santafe.edu/research/working-papers/abstract/6121f1083eeb603968dc1a29871d7799}
}

@unpublished{berman2016far,
  title={An Empirical Test of the Ergodic Hypothesis: Wealth Distributions in the United States},
  author={Berman, Yonatan and Peters, Ole and Adamou, Alexander},
  Url = {http://ssrn.com/abstract=2794830},
  note = {Available at SSRN},
  year={2017}
}

@article{berman2016understanding,
  title={Understanding the Mechanical Relationship between Inequality and Intergenerational Mobility},
  author={Berman, Yonatan},
  note = {\url{http://ssrn.com/abstract=2796563}},
  journal = {SSRN},
  year={2016}
}

@article{berman2015modeling,
  title={Modeling the Origin and Possible Control of the Wealth Inequality Surge},
  author={Berman, Yonatan and Shapira, Yoash and Ben-Jacob, Eshel},
  journal={PLOS ONE},
  volume={10},
  number={6},
  DOI={10.1371/journal.pone.0135548},
  pages={e0130181},
  year={2015},
  publisher={Public Library of Science}
}

@article{berman2016dynamics,
  title={The Dynamics of Wealth Inequality and the Effect of Income Distribution},
  author={Berman, Yonatan and Ben-Jacob, Eshel and Shapira, Yoash},
  journal={PLOS ONE},
  volume={11},
  number={4},
  pages={e0154196},
  DOI={10.1371/journal.pone.0154196},
  year={2016},
  publisher={Public Library of Science}
}

@book{mulligan1997parental,
  title={Parental priorities and economic inequality},
  author={Mulligan, Casey B.},
  year={1997},
  publisher={University of Chicago Press}
}

@article{corak2013income,
  title={Income Inequality, Equality of Opportunity, and Intergenerational Mobility},
  author={Corak, Miles},
  journal={The Journal of Economic Perspectives},
  volume={27},
  number={3},
  pages={79--102},
  year={2013},
  publisher={JSTOR}
}

@misc{krueger2012rise,
  title={The Rise and Consequences of Inequality},
  author={Krueger, Alan},
  howpublished={Presentation Made to the Center for American Progress, January 12th 2012},
  url={http://www.americanprogress.org/events/2012/01/12/17181/the-rise-and-consequences-of-inequality},
  year={2012}
}

@article{krugman2012great,
  title={The Great Gatsby Curve},
  author={Krugman, Paul},
  journal={The New York Times},
  volume={15},
  year={2012}
}

@misc{mankiw2013great,
	author = {Mankiw, Greg},
	title = {Observations on the Great Gatsby Curve},
	type = {Blog},
	number = {July 18},
	year = {2013},
	url = {http://gregmankiw.blogspot.com/2013/07/some-observations-on-great-gatsby-curve.html}
}

@article{gini1921measurement,
  title={Measurement of Inequality of Incomes},
  author={Gini, Corrado},
  journal={The Economic Journal},
  volume={31},
  number={121},
  pages={124--126},
  year={1921},
  publisher={JSTOR}
}

@book{cowell2011measuring,
  title={Measuring Inequality},
  author={Cowell, Frank},
  year={2011},
  publisher={OUP Oxford},
  Address = {Oxford, UK}
}

@article{Liu2013effect,
  title={The Effect of Growth On Equality in Models of the Economy},
  author={Liu, Kang and Lubbers, Nicholas and Klein, William and Tobochnik, Jan and Boghosian, Bruce and Gould, Harvey},
  Journal = {ar{X}iv:1305.0794},
  year={2013},
  Url = {http://arxiv.org/abs/1305.0794},
  Bdsk-Url-1 = {http://arxiv.org/abs/1305.0794}
}

@article{bradbury2009trends,
  title={Trends in US Family Income Mobility, 1967--2004},
  author={Bradbury, Katharine and Katz, Jane},
  year={2009},
  note={Federal Reserve Bank of Boston Working Paper}
}

@article{corak2006do,
  title={Do Poor Children Become Poor Adults? Lessons for Public Policy from a Cross Country Comparison of Generational Earnings Mobility},
  author={Corak, Miles},
  journal={Research on Economic Inequality},
  volume={13},
  pages={143--188},
  year={2006},
  publisher={Elsevier}
}

@misc{corak2012here,
	author = {Corak, Miles},
	title = {Here is the source for the ``Great Gatsby Curve'' in the Alan Krueger speech at the Center for American Progress on January 12},
	type = {Blog},
	number = {January 12},
	url = {http://milescorak.com/2012/01/12/here-is-the-source-for-the-great-gatsby-curve-in-the-alan-krueger-speech-at-the-center-for-american-progress/},
	year = {2012},
}}

@article{goldberger1989economic,
  title={Economic and Mechanical Models of Intergenerational Transmission},
  author={Goldberger, Arthur S.},
  journal={The American Economic Review},
  volume={79},
  number={3},
  pages={504--513},
  year={1989},
  publisher={JSTOR}
}

@article{becker1979equilibrium,
  title={An Equilibrium Theory of the Distribution of Income and Intergenerational Mobility},
  author={Becker, Gary S. and Tomes, Nigel},
  journal={The Journal of Political Economy},
  pages={1153--1189},
  volume={87},
  number={6},
  year={1979},
  publisher={JSTOR}
}

@book{clark2014also,
  title={The Son Also Rises: Surnames and the History of Social Mobility},
  author={Clark, Gregory},
  year={2014},
  publisher={Princeton University Press}
}